@Misc{misc-cruz03,
  OPTkey = 	 {},
  author = 	 {Renato Cruz},
  title = 	 {Padrão Brasileiro de {TV} Enfrenta Oposição},
  howpublished = {Jornal O Estado de São Paulo},
  month = 	 feb,
  year = 	 2003,
  note = 	 {Opinião do Prof. Max Costa},
  OPTannote = 	 {}
}

@PhdThesis{phd-gates01,
  author = 	 {Luis F. Gates},
  title = 	 {Telecomunicações Baseadas na Arquitetura BALSE},
  school =       {UFSCG},
  year = 	 2000,
  OPTkey = 	 {},
  OPTtype = 	 {},
  address = 	 {Matosinhos, SP},
  month = 	 dec,
  OPTnote = 	 {},
  OPTannote = 	 {}
}

@InProceedings{proc-gates01,
  author = 	 {Luis F. Gates and Rossano P. Pinto and Eliane G. Solimães and Katianna Silva},
  title = 	 {Mobile Agents in Telecommunication Services},
  booktitle = 	 {Proceedings of {LACOXS}'05},
  OPTcrossref =  {},
  OPTkey = 	 {},
  pages = 	 {50-61},
  year = 	 2001,
  editor = 	 {A. Loureiro, J. Carvalho},
  OPTvolume = 	 {},
  OPTnumber = 	 {},
  OPTseries = 	 {},
  address = 	 {Ouro Preto, MG},
  month = 	 aug,
  OPTorganization = {},
  publisher =    {Sociedade Brasileira de Ciências Físicas},
  OPTnote = 	 {},
  OPTannote = 	 {},
}

@Manual{man-orbix99,
  title = 	 {Orbix Programming Reference},
  OPTkey = 	 {},
  author = 	 {IONA},
  organization = {IONA Technologies PLC},
  address = 	 {Dublin, Ireland},
  OPTedition = 	 {},
  month = 	 oct,
  year = 	 1999,
  OPTnote = 	 {},
  OPTannote = 	 {}
}

@TechReport{hp-novet03,
  author = 	 {Meireles, Flamingo},
  title = 	 {{NOVET}'s Homepage},
  institution =  {The Academic Computer Society},
  address = 	 {Caicó, RN},
  year = 	 2003,
  OPTkey = 	 {},
  type =	 {Página na Internet},
  key = 	 {NOVET},
  month =	 aug,
  URL =	 	 {\url{http://www.aligatesta.com.su/}},
  OPTannote = 	 {}
}

@Book{LATEX04,
  author = 	 {Frank Mittelbach and Michel Goossens},
  ALTeditor = 	 {},
  title = 	 {The {\LaTeX} Companion},
  publisher = 	 {Addison-Wesley},
  year = 	 2004,
  OPTkey = 	 {},
  OPTvolume = 	 {},
  OPTnumber = 	 {},
  OPTseries = 	 {},
  address = 	 {San Francisco, EUA},
  edition = 	 2,
  OPTmonth = 	 {},
  OPTnote = 	 {},
  OPTannote = 	 {}
}

@Book{optimizationlagrange1982,
  author = 	 {Dimitri P. Bertsekas},
  title = 	 {Constrained Optimization and Lagrange Multiplier Methods},
  publisher = 	 {Athena Scientific},
  year = 	 1982,
  address = 	 {Belmont, Massachusetts, Estados Unidos}
}

@Book{lagrangehistory,
  author = 	 {Dirk Struik},
  title = 	 {A Concise History of Mathematics},
  publisher = 	 {Dover Publications},
  year = 	 1967,
  address = 	 {Nova Iorque, Nova Iorque, Estados Unidos}
}

@TechReport{rep-omg2000,
  author = 	 {OMG},
  title = 	 {Audio/Video Streams, Version 1.0},
  institution =  {Object Management Group},
  year = 	 2000,
  key = 	 {},
  type =	 {OMG Specification},
  number =	 {formal/2000-01-03},
  address = 	 {Paris},
  month =	 jan,
  URL =	 	 {\url{http://www.omg.org/}},
  OPTannote = 	 {}
}

@Book{book-lamport94,
  author = 	 {Witold Pedrycz and Fernando A. C. Gomide},
  ALTeditor = 	 {},
  title = 	 {An Introduction to Fuzzy Sets: Analysis and Design (Complex Adaptive Systems)},
  publisher = 	 {MIT Press},
  year = 	 1998,
  OPTkey = 	 {},
  OPTvolume = 	 {},
  OPTnumber = 	 {},
  OPTseries = 	 {},
  address = 	 {Boston},
  OPTedition = 	 {},
  OPTmonth = 	 {},
  OPTnote = 	 {},
  OPTannote = 	 {}
}

@InCollection{col-pinto00,
  author = 	 {Alexandre S. Pinto and Luis F. Gates and Katianna Silva},
  title = 	 {A {BALSE}-based Environment for Mobile Applications},
  booktitle = 	 {Managing {QoS} in Multimedia Networks},
  OPTcrossref =  {},
  OPTkey = 	 {},
  pages = 	 {163-175},
  publisher =    {Kluwer Academic Publishers},
  year = 	 2000,
  editor = 	 {José Neuman de Souza and Raouf Boutaba},
  OPTvolume = 	 {},
  OPTnumber = 	 {},
  OPTseries = 	 {},
  OPTtype = 	 {},
  OPTchapter = 	 {},
  address = 	 {New York},
  OPTedition = 	 {},
  OPTmonth = 	 {},
  OPTnote = 	 {},
  OPTannote = 	 {}
}

@Proceedings{proc-sbrc02,
  title = 	 {{XX} Simpósio Brasileiro de Redes de Computadores},
  year = 	 2002,
  OPTkey = 	 {},
  booktitle =    {Anais do XX SBRC},
  editor = 	 {Luci Pirmez and Luis Fernando Carmo and Raimundo José Macêdo},
  volume = 	 1,
  OPTnumber = 	 {},
  OPTseries = 	 {},
  address = 	 {Rio de Janeiro},
  month = 	 may,
  organization = {Núcleo de Computação Eletrônica da UFRJ},
  publisher =    {Sociedade Brasileira de Computação},
  OPTnote = 	 {},
  OPTannote = 	 {}
}

@InBook{inbook-santos00,
  author = 	 {Euripedes P. Santos and Fernando J. Von-Zuben},
  editor = 	 {},
  title = 	 {Recurrent Neural Networks: Design and Applications},
  chapter = 	 {Efficient Second-Order Learning Algorithms for Discrete-Time Recurrent Neural Networks},
  publisher = 	 {CRC Press},
  year = 	 2000,
  OPTkey = 	 {},
  volume = 	 13,
  OPTnumber = 	 {},
  series = 	 {International Series on Computational Intelligence},
  OPTtype = 	 {},
  address = 	 {Madrid},
  OPTedition = 	 {},
  OPTmonth = 	 {},
  pages = 	 {47-75},
  OPTnote = 	 {},
  OPTannote = 	 {}
}

@MastersThesis{msc-santos03,
  author = 	 {José C. S. Santos-Filho},
  title = 	 {Combinação por Ganho Igual em Ambiente com Desvanecimento Arbitrário},
  school =       {Faculdade de Engenharia Elétrica e de Computação, UNICAMP},
  year = 	 2003,
  OPTkey = 	 {},
  OPTtype = 	 {},
  address = 	 {Campinas, SP},
  month = 	 aug,
  OPTnote = 	 {},
  OPTannote = 	 {}
}

@Unpublished{unp-sichman02,
  author = 	 {Jaime S. Sichman},
  title = 	 {Sobre Agentes Móveis e Fixos},
  note = 	 {Comunicação pessoal por e-mail},
  OPTkey = 	 {},
  month = 	 mar,
  year = 	 2002,
  OPTannote = 	 {}
}

@Article{art-solimaes03,
  author = 	 {Eliane G. Solimães and Antonio T. Mircolles and Jamerson L. Pereira and Bruno G. Americano and Katianna Silva and Marcelo Borges and Mauricio F. Magalhães},
  title = 	 {A Virtual Laboratory for Autonomous Airplanes Experiments},
  journal = 	 {IEEE Transactions on Education},
  year = 	 2003,
  OPTkey = 	 {},
  volume = 	 {46},
  number = 	 {1},
  pages = 	 {37-42},
  month = 	 feb,
  OPTnote = 	 {},
  OPTannote = 	 {}
}

@book{latexcompanion,
    author = {Michel Goossens and Frank Mittelbach and Alexander Samarin},
    title = {The LaTeX Companion},
    publisher = {Addison-Wesley},
    year = {1994},
    address = {Boston, Massachusetts, Estados Unidos}
}

@book{javascriptframework,
    author = {Tim Ambler},
    title = {JavaScript Frameworks for Modern Web Dev},
    publisher = {Apress},
    year = {2015},
    address = {Nova Iorque, Nova Iorque, Estados Unidos}
}

@book{apirest,
    author = {Valentin Bojinov},
    title = {RESTful Web API Design with Node.js},
    publisher = {Packt Publishing},
    year = {2015},
    address = {Birmingham, Reino Unido}
}

@book{databasesql,
    author = {Donald K. Burleson},
    title = {Advanced SQL Database Programmer Handbook},
    publisher = {Rampart Techpress},
    year = {2003},
}

@book{databasesqlnet,
    author = {Rob Tiffany},
    title = {SQL Server CE Database Development with the .NET Compact Framework},
    publisher = {Apress},
    year = {2003},
    address = {Nova Iorque, Nova Iorque, Estados Unidos}
}

@book{databasesqlmaster,
    author = {Rick van der Lans},
    title = {Introduction to SQL: Mastering the Relational Database Language},
    publisher = {Addison-Wesley},
    year = {2006},
    address = {Boston, Massachusetts, Estados Unidos}
}

@book{databasedepth,
    author = {Chris Date},
    title = {Database in Depth},
    publisher = {O'Reilly Media},
    year = {2005},
    address = {Sebastopol, California, Estados Unidos}
}

@book{frontendperfomance,
    author = {stave Souders},
    title = {High Performance WebSites},
    publisher = {O'Rilley},
    year = {2007},
    address = {Sebastopol, California, Estados Unidos}
}

@book{optimizationlagrange,
    author = {Dimitri P. Bertsekas},
    title = {Constrained Optimization and Lagrange Multiplier Methods},
    publisher = {Athena Scientific},
    year = {1982},
    address = {Belmont, Massachusetts, Estados Unidos}
}

@book{backend,
  title = {Professional Website Performance: Optimizing the Front-End and Back-End},
  author = {Smith, Peter},
  publisher = {Wrox},
  year = {2012},
  address = {Birmingham, Reino Unido}
}


@book{datarecshakar,
    author = {Shankar Narasimhan},
    title = {Data Reconciliation and Gross Error Detection},
    publisher = {Gulf Publishing Company},
    year = {2000},
    address = {Houston, Texas, Estados Unidos}
}

@book{datarecragnoli,
  title = {Data Processing and Reconciliation for Chemical Process Operations},
  author = {Romagnoli, José A.},
  year = {2000},
  publisher = {Academic Press},
  address = {Belmont, Massachusetts, Estados Unidos}
}

@book{eloquentjavascript,
    author = {Marijn Haverbeke},
    title = {Eloquent JavaScript},
    publisher = {No Starch Press},
    year = {2014},
    address = {São Francisco, California, Estados Unidos}
}

@book{reactjs,
    author = {Vipul Amler},
    title = {ReactJS by Example Building Modern Web applications with React},
    publisher = {Packt Publishing},
    year = {2016},
    address = {Birmingham, Reino Unido}
}

@book{pragmaticpro,
    author = {Andrew Hunt},
    title = {The Pragmatic Programmer},
    publisher = {Addison Wesley},
    year = {1999},
    address = {Boston, Massachusetts, Estados Unidos}
}

@book{serversql,
    author = {Dejan Sunderic},
    title = {Microsoft SQL Server 2005 Stored Procedure Programming in T-SQL & .NET},
    publisher = {McGraw-Hill Osborne Media},
    year = {2006},
    address = {Sebastopol, California, Estados Unidos}
}

@book{serverdummy,
    author = {Peter Pollock},
    title = {Web Hosting For Dummies},
    publisher = {For Dummies},
    year = {2013},
    address = {Hoboken, Nova Jersey, Estados Unidos}
}

@book{serverhost,
    author = {Reaz Ahmed},
    title = {Collaborative Web Hosting: Challenges and Research Directions},
    publisher = {Springer International Publishing},
    year = {2014},
    address = {Nova Iorque, Nova Iorque, Estados Unidos}
}

@book{serverapache,
    author = {Tony Steidler-Dennison},
    title = {Run Your Own Web Server Using Linux & Apache},
    publisher = {SitePoint},
    year = {2005},
    address = {Melbourne , Australia}
}

@book{industrydigital,
    author = {Ovidiu Vermesan},
    title = {Digitising the Industry - Internet of Things Connecting the Physical, Digital and Virtual Worlds},
    publisher = {River Publishers},
    year = {2016},
    address = {Dinamarca}
}

@book{industrybuild,
    author = {Maciej Kranz},
    title = {Building the Internet of Things: Implement New Business Models, Disrupt Competitors, Transform Your Industry},
    publisher = {Wiley},
    year = {2016},
    address = {Hoboken, Nova Jersey, Estados Unidos}
}

@book{industryinternet,
    author = {Anna Benchmann},
    title = {The Ubiquitous Internet: User and Industry Perspectives},
    publisher = {Routledge},
    year = {2015},
    address = {Boca Raton, Florida, Estados Unidos}
}

@book{industryiot,
    author = {Pethuru Raj},
    title = {The Internet of Things and Big Data Analytics: Integrated Platforms and Industry Use Cases},
    publisher = {Auerbach Publications},
    year = {2020},
    address = {Boca Raton, Florida, Estados Unidos}
}

@book{industrynew,
    author = {Srikanta Patnaik},
    title = {New Paradigm Of Industry 4.0: Internet Of Things, Big Data & Cyber Physical Systems},
    publisher = {Springer},
    year = {2020},
    address = {Nova Iorque, Nova Iorque, Estados Unidos}
}

@book{industry4,
    author = {Alasdair Gilchrist},
    title = {Industry 4.0: the industrial internet of things},
    publisher = {Springer},
    year = {2020},
    address = {Nova Iorque, Nova Iorque, Estados Unidos}
}

@book{industrychina,
    author = {Jian Yuchi},
    title = {Value Proposition: A New “Long March” & E³ Economy on China’s Integrated Development of Internet, Big Data, AI and Manufacturing Industry},
    publisher = {Springer},
    year = {2020},
    address = {Nova Iorque, Nova Iorque, Estados Unidos}
}

@book{softwareengreq,
    author = {Dines Bjoner},
    title = {Software Engineering 3: Domains, Requirements, and Software Design},
    publisher = {Springer},
    year = {2006},
    address = {Nova Iorque, Nova Iorque, Estados Unidos}
}

@book{graph,
    author = {Kozo Sugiyama},
    title = {Graph drawing and applications 1},
    publisher = {World Scientific Publishing Company},
    year = {2002},
    address = {Singapura}
}

@book{softwareeng,
    author = {Len Bass},
    title = {Software architecture in practice},
    publisher = {Addison-Wesley Professional},
    year = {2003},
    address = {Boston, Massachusetts, Estados Unidos}
}

@book{softwareenguml,
    author = {Paul Evitis},
    title = {A UML Pattern Language},
    publisher = {Sams},
    year = {2000},
    address = {Indianapolis, Indiana, Estados Unidos}
}

@book{scrum,
    author = {Ken Schwaber},
    title = {Agile Project Management With Scrum},
    publisher = {Microsoft Press},
    year = {2004},
    address = {Estados Unidos}
}

@book{scrumproj,
    author = {Kim Pries},
    title = {Scrum Project Management},
    publisher = {CRC Press},
    year = {2010},
    address = {Boca Raton, Florida, Estados Unidos}
}

@book{scrummic,
    author = {Ken Schwaber},
    title = {The Enterprise and Scrum},
    publisher = {Microsoft Press},
    year = {2007},
    address = {Estados Unidos}
}

@book{scrumlove,
    author = {Roman Pichler},
    title = {Agile Product Management with Scrum: Creating Products that Customers Love},
    publisher = {Addison-Wesley Professional},
    year = {2010},
    address = {Boston, Massachusetts, Estados Unidos}
}

@book{ganttchart,
    author = {Wallace Clark},
    title = {The Gantt Chart: A Working Tool of Management},
    publisher = {The Ronald Press Company},
    year = {1922},
    address = {Nova Iorque, Nova Iorque, Estados Unidos}
}

@book{gitevery,
    author = {Ravishankar Somasundaram},
    title = {Git: Version Control for Everyone},
    publisher = {Packt Publishing},
    year = {2012},
    address = {Birmingham, Reino Unido}
}

@book{gitpower,
    author = {Jon Loeliger},
    title = {Version Control with Git: Powerful Tools and Techniques for Collaborative Software Development},
    publisher = {O'Reilly Media},
    year = {2009},
    address = {Sebastopol, California, Estados Unidos}
}

@book{gitpragmatic,
    author = {Travis Swicegood},
    title = {Pragmatic version control using Git},
    publisher = {Pragmatic},
    year = {2008},
    address = {Estados Unidos}
}

@book{githubbell,
    author = {Peter Bell},
    title = {Introducing GitHub},
    publisher = {O'Reilly Media},
    year = {2014},
    address = {Sebastopol, California, Estados Unidos}
}

@article{einstein,
    author = {Albert Einstein},
    title = {Zur Elektrodynamik bewegter K{\"o}rper},
    journal = {Annalen der Physik},
    volume = {322},
    number = {10},
    pages = {891--921},
    year = {1905},
    publisher = {Wiley-VCH},
    address = {Weinheim, Germany},
    doi = {10.1002/andp.19053221004}
}

@article{industry4status,
  title={The Current Status and Developing Trends of Industry 4.0: a Review},
  author={Lu, Yang},
  journal={Information Systems Frontiers},
  volume={24},
  number={5},
  pages={2805},
  year={2021},
  publisher={Springer},
  doi={10.1007/s10796-021-10221-w}
}

@article{datarecsurvey,
  title = {Data Reconciliation and Fusion Methods: A Survey},
  author = {Bakhtouchi, Abdelghani},
  journal = {Applied Computing and Informatics},
  volume = {10},
  number = {3},
  pages = {123-137},
  year={2020}
}

@article{computecontrol,
    author = {D.R Kuehn},
    title = {Computer Control II. Mathematics of Control},
    journal = {Ciencia, Tecnologia Y Futuro},
    volume = {5},
    number = {2},
    pages = {31-45},
    year = {2013},
}

@article{balancecontrol,
    author = {Jesús-David Badillo-Herrera},
    title = {Computer Control II. Mathematics of Control},
    journal = {Chemical Engineering Progress},
    volume = {57},
    number = {6},
    pages = {44-47},
    year = {1961},
}

@article{produtividadeindustria,
    author = {Tomás Amaral Torezani},
    title = {Produtividade da Indústria Brasileira: Decomposição do Crescimento e Padrões de Concentração em Abordagem Desagregada 1996-2016},
    journal = {Revista Brasileira de Inovação},
    volume = {19},
    pages = {1-37},
    year = {2020},
}

@article{danielhoduin,
  title={Dynamic data reconciliation in mineral and metallurgical plants},
  author={Daniel Hoduin},
  journal={Annuals Review in Control},
  volume={36},
  number={2},
  pages={235--243},
  year={2012},
  publisher={Elsevier},
  doi={10.1016/j.arcontrol.2012.09.005}
}

@article{reformulationdatarecon,
    author = {José Ragot},
    title = {Reformulation of Data Reconciliation Problem with Unknown-but-Bounded Errors},
    journal = {Industrial Engineering Chemistry Research},
    volume = {43},
    pages = {1530-1536},
    year = {2004},
}

@article{webapptest,
    author = {Serdar Dogan},
    title = {Web Application Testing: A Systematic Literature Review},
    journal = {The Journal of Systems and Software},
    volume = {91},
    pages = {174-201},
    year = {2014},
}

@TechReport{aularecon,
  author = {Constantino Seixas Filho},
  title = {Reconciliação e análise de qualidade de dados},
  year = {2005},
  url = {http://www.cpdee.ufmg.br/~luizt/seixas/Especializacao/Download/DownloadFiles/Reconciliacao.PDF},
  urldate = {2024-03-26}
}

@TechReport{backenddevroles,
  author = {Binny Vyas},
  title = {Backend Developers: Roles and Responsibilities},
  year = {2018},
  url = {https://www.clariontech.com/blog/roles-and-responsibilities-of-a-backend-developer},
  urldate = {2024-03-26}
}

@TechReport{webdevlang,
  author = {Erolin, Justice},
  title = {The 7 Best Web Development Languages},
  year = {2020},
  url = {https://www.bairesdev.com/blog/best-programming-languages-web-development/},
  urldate = {2024-03-26}
}


@TechReport{lagrangebio,
  author = {Dirk Struik},
  title = {Joseph-Louis Lagrange - Comte de l’Empire},
  year = {2024},
  url = {https://www.britannica.com/biography/Joseph-Louis-Lagrange-comte-de-lEmpire},
  urldate = {2024-03-26}
}

@TechReport{webusage,
    author = {ITU},
    title = {Global and regional ICT statistics and indicators},
    year = {2021},
    url = {https://www.itu.int/en/ITU-D/Statistics/Pages/stat/default.aspx},
    urldate = {2024-04-2}
}

@TechReport{apiimportance,
  author = {Sensedia},
  title = {Importance of APIs in the Digital Age},
  year = {2020},
  url = {https://www.sensedia.com/pillar/importance-of-apis-in-the-digital-age},
  urldate = {Access Date}
}

@TechReport{govbr,
    title = {GOVBR},
    year = {2022},
    url = {https://www.gov.br/casacivil/pt-br/assuntos/noticias/2021/maio/setor-industrial-e-responsavel-por-20-4-do-produto-interno-bruto-brasileiro-segundo-cni},
    urldate = {2024-03-26}
}

@TechReport{cni2024,
  author = {{Confederação Nacional da Indústria}},
  title = {CNI divulga perfil da indústria nos 26 estados e no Distrito Federal},
  year = {2024},
  url = {https://noticias.portaldaindustria.com.br/noticias/economia/cni-divulga-perfil-da-industria-nos-26-estados-e-no-distrito-federal/},
  urldate = {2024-04-02}
}

@TechReport{plantumldoc,
  author = {{PlantUML}},
  title = {PlantUML Language Reference Guide},
  year = {2024},
  url = {https://noticias.portaldaindustria.com.br/noticias/economia/cni-divulga-perfil-da-industria-nos-26-estados-e-no-distrito-federal/},
  urldate = {2024-04-02}
}

@TechReport{bilco,
    author = {CASPEO},
    title = {BILCO: Data Reconciliation by Mass Balance Software},
    year = {2024},
    url = {https://www.caspeo.net/mass-balance-software-bilco/},
    urldate = {2024-03-26}
}

@TechReport{reconset,
    author = {Chemplant},
    title = {RECONSET - Mass and Energy Balancing with Data Reconciliation},
    year = {2024},
    url = {https://www.chemplant.cz/inpage/reconset/},
    urldate = {2024-03-26}
}

@TechReport{pimsoft,
    author = {Pimsoft},
    title = {Data Reconciliation},
    year = {2024},
    url = {https://www.pimsoft-group.com/category/data-reconciliation/},
    urldate = {2024-03-26}
}

@TechReport{floqast,
    author = {FloQast},
    title = {FloQast Data Reconciliation Management},
    year = {2024},
    url = {https://floqast.com/products/floqast-reconciliations-management/},
    urldate = {2024-03-26}
}

@TechReport{aspen,
    author = {Aspen},
    title = {Aspen Unified Reconciliation and Accounting (AURA)},
    year = {2024},
    url = {https://www.aspentech.com/en/products/msc/aspen-unified-reconciliation-and-accounting-aura},
    urldate = {2024-03-26}
}

@misc{github,
    author = "{GitHub}",
    title = "{GitHub}",
    howpublished = "\url{https://github.com/}",
    note = "[TechReport; accessed 5-April-2024]"
}

